@MISC{MC-AIXI,
    author = {Joel Veness and Kee Siong Ng and Marcus Hutter and David Silver},
    title = {      A Monte-Carlo AIXI Approximation },
    year = {2009}
}

@MISC{Sunehag11principlesof,
    author = {Peter Sunehag and Marcus Hutter},
    title = {Principles of Solomonoff Induction and AIXI},
    year = {2011}
}



@article{DBLP:journals/corr/abs-0907-0746,
  author    = {Marcus Hutter},
  title     = {Open Problems in Universal Induction {\&} Intelligence},
  journal   = {CoRR},
  volume    = {abs/0907.0746},
  year      = {2009},
  ee        = {http://arxiv.org/abs/0907.0746},
  bibsource = {DBLP, http://dblp.uni-trier.de}
}

@MISC{Hutter00towardsa,
    author = {Marcus Hutter},
    title = {Towards a Universal Theory of Artificial Intelligence based on Algorithmic Probability and Sequential Decision Theory},
    year = {2000}
}

@article{dowe2011compression,
  title={Compression and intelligence: social environments and communication},
  author={Dowe, David and Hern{\'a}ndez-Orallo, Jos{\'e} and Das, Paramjit},
  journal={Artificial General Intelligence},
  pages={204--211},
  year={2011},
  publisher={Springer}
}

@article{solomonoff1999two,
  title={Two kinds of probabilistic induction},
  author={Solomonoff, Ray},
  journal={The Computer Journal},
  volume={42},
  number={4},
  pages={256--259},
  year={1999},
  publisher={Br Computer Soc}
}

@article{wallace1999minimum,
  title={Minimum message length and Kolmogorov complexity},
  author={Wallace, Chris S. and Dowe, David L.},
  journal={The Computer Journal},
  volume={42},
  number={4},
  pages={270--283},
  year={1999},
  publisher={Br Computer Soc}
}

@article{chaslot2008progressive,
  title={Progressive strategies for Monte-Carlo tree search},
  author={Chaslot, GMJ and Winands, Mark HM and Herik, HJVD and Uiterwijk, JWHM and Bouzy, Bruno},
  journal={New Mathematics and Natural Computation},
  volume={4},
  number={3},
  pages={343},
  year={2008},
  publisher={WORLD SCIENTIFIC PUBLISHING CO PTE LTD}
}

@article{chaslot2008progressive,
  title={Progressive strategies for Monte-Carlo tree search},
  author={Chaslot, GMJ and Winands, Mark HM and Herik, HJVD and Uiterwijk, JWHM and Bouzy, Bruno},
  journal={New Mathematics and Natural Computation},
  volume={4},
  number={3},
  pages={343},
  year={2008},
  publisher={WORLD SCIENTIFIC PUBLISHING CO PTE LTD}
}

@article{erwig2006functional,
  title={FUNCTIONAL PEARLS: Probabilistic functional programming in Haskell},
  author={Erwig, Martin and Kollmansberger, Steve},
  journal={Journal of Functional Programming},
  volume={16},
  number={01},
  pages={21--34},
  year={2006},
  publisher={Cambridge Univ Press}
}




